@book{Fahrmeir,
title = "Regression Models, Methods and Applications",
author = "Fahrmeir,L.;Kneib,TH.;Lang,S.;Marx,B.",
publisher = "Springer-Verlag Berlin Heidelberg"
year = "2013"
}

@book{Verbeke,
title = "Linear Mixed Models for Longitudinal Data",
author = "Geert Verbeke.;Geert Molenberghs.",
publisher = "Springer, New York, NY"
year = "2000"
}

@book{Faraway,
title = "Extending the Linear Model with R",
author = "Julian J. Faraway.",
publisher = "CRC Press"
year = 
"2016",
}

@book{Burzykowski,
title = "Linear Mixed-Effects Models Using R",
author = "Andrzej Gałecki.;Tomasz Burzykowski.",
publisher = "Springer-Verlag New York"
year = 
"2013"
}

@book{GLMM,
title = "Generalized, Linear and Mixed Models",
author = "Charles E.Macculloch.;Shayler R.Searle",
publisher = "A Wiley-interscience publication "
year = 
"2001",
}

@book{Gelman,
title = "Data Analysis using Regression and Multilevel/Hierarchical Models",
author = "ANDREW GELMAN.; JENNIFER HILL",
publisher = "Cambridge University Press "
year = 
"2007",
}

@ARTICLE{KR,
  author = {Ulrich Halekoh and Soren Hojsgaard},
  title = {A Kenward-Roger Approximation and Parametric
Bootstrap Methods for Tests in Linear Mixed
Models - The R Package pbkrtest},
  journal = {Journal of Statistical Software},
  year = {2014},
  volume = {59},
  pages = {1-32},
}

@ARTICLE{Bates,
  author = {Douglas Bates and Martin Mächler and Benjamin M. Bolker and Steven C. Walker},
  title = {Fitting Linear Mixed-Effects Models Using lme4},
  journal = {Journal of Statistical Software},
  year = {2015},
  volume = {67},
  pages = {1-48},
}

@ARTICLE{Laird,
  author = {Nan M. Laird and James H. Ware},
  title = {Random-Effects Models for Longitudinal Data},
  journal = {Biometrics},
  year = {1982},
  volume = {38},
  pages = {963-974},
}

@ARTICLE{Kenward 
and Roger 1997,
  author = {Michael G. Kenward and James H. Roger},
  title = {Small Sample Inference for Fixed Effects from Restricted Maximum Likelihood},
  journal = {Biometrics},
  year = {1997},
  volume = {53},
  pages = {983-997},
}

@ARTICLE{Variance testing,
  author = {Daniel O. Stram and Jae Won Lee},
  title = {Variance Components Testing in the Longitudinal Mixed Effects Model},
  journal = {Biometrics},
  year = {1994},
  volume = {50},
  pages = {1171-1177},
}

@unpublished{Tutorial2,
author  = {Bodo Winter},
title   = {A very basic tutorial for performing
linear mixed effects analyses},
year    = {2014},
note    = {unpublished},
}

@unpublished{Tutorial,
author  = {Xiuming Zhang},
title   = {A Tutorial on Restricted Maximum Likelihood Estimation
in Linear Regression and Linear Mixed-Eects Model},
year    = {2015},
note    = {unpublished},
}
